@article{van2008visualizing,
  title={Visualizing data using t-SNE.},
  author={Van der Maaten, Laurens and Hinton, Geoffrey},
  journal={Journal of machine learning research},
  volume={9},
  number={11},
  pages={2579-2605},
  year={2008}
}

@article{diaz2019umap,
  title={UMAP reveals cryptic population structure and phenotype heterogeneity in large genomic cohorts},
  author={Diaz-Papkovich, Alex and Anderson-Trocm{\'e}, Luke and Ben-Eghan, Chief and Gravel, Simon},
  journal={PLoS genetics},
  volume={15},
  number={11},
  pages={e1008432},
  year={2019},
  publisher={Public Library of Science San Francisco, CA USA}
}

@article{chari2023specious,
  title={The specious art of single-cell genomics},
  author={Chari, Tara and Pachter, Lior},
  journal={PLOS Computational Biology},
  volume={19},
  number={8},
  pages={e1011288},
  year={2023},
  publisher={Public Library of Science San Francisco, CA USA}
}

@article{LobatoMoreno2025,
  author       = {Lobato-Moreno, Sergio and Yildiz, Umut and Claringbould, Annique and others},
  title        = {Single-cell ultra-high-throughput multiplexed chromatin and RNA profiling reveals gene regulatory dynamics},
  journal      = {Nature Methods},
  year         = {2025},
  doi          = {10.1038/s41592-025-02700-8},
  url          = {https://doi.org/10.1038/s41592-025-02700-8}
}

@article{angelino2016patterns,
  title={Patterns of scalable {Bayesian} inference},
  author={Angelino, E. and Johnson, M. J. and Adams, R. P.},
  journal={Foundations and Trends in Machine Learning},
  volume={9},
  number={2-3},
  pages={119--247},
  year={2016}
}

@article{jordan1999introduction,
  title={An introduction to variational methods for graphical models},
  author={Jordan, M. I. and Ghahramani, Z. and Jaakkola, T. S. and Saul, L. K.},
  journal={Machine Learning},
  volume={37},
  number={2},
  pages={183--233},
  year={1999}
}

@article{blei2017variational,
  title={Variational {Inference}: {A} {Review} for {Statisticians}},
  author={Blei, D. M. and Kucukelbir, A. and McAuliffe, J. D.},
  journal={Journal of the American Statistical Association},
  volume={112},
  number={518},
  pages={859--877},
  year={2017},
  doi={10.1080/01621459.2017.1285773}
}

@misc{bates2024matrix,
  title={Matrix: Sparse and Dense Matrix Classes and Methods},
  author={Bates, D. and Maechler, M. and Jagan, M.},
  year={2024},
  url={https://CRAN.R-project.org/package=Matrix}
}

@article{hoffman2013stochastic,
  title={Stochastic variational inference},
  author={Hoffman, M. D. and Blei, D. M. and Wang, C. and Paisley, J.},
  journal={Journal of Machine Learning Research},
  year={2013}
}

@article{tipping1999probabilistic,
  title={Probabilistic principal component analysis},
  author={Tipping, Michael E and Bishop, Christopher M},
  journal={Journal of the Royal Statistical Society Series B: Statistical Methodology},
  volume={61},
  number={3},
  pages={611--622},
  year={1999},
  publisher={Oxford University Press}
}

@article{lee2000algorithms,
  title={Algorithms for non-negative matrix factorization},
  author={Lee, Daniel and Seung, H Sebastian},
  journal={Advances in neural information processing systems},
  volume={13},
  year={2000}
}

@article{zheng2017massively,
  title={Massively parallel digital transcriptional profiling of single cells},
  author={Zheng, G. X. Y. and others},
  journal={Nature Communications},
  volume={8},
  pages={1--12},
  year={2017},
  doi={10.1038/ncomms14049}
}

@article{liu2020jointly,
  title={Jointly defining cell types from multiple single-cell datasets using LIGER},
  author={Liu, Jialin and Gao, Chao and Sodicoff, Joshua and Kozareva, Velina and Macosko, Evan Z and Welch, Joshua D},
  journal={Nature protocols},
  volume={15},
  number={11},
  pages={3632--3662},
  year={2020},
  publisher={Nature Publishing Group UK London}
}
